@article{fama_french1992,
  title={The cross-section of expected stock returns},
  author={Fama, Eugene F and French, Kenneth R},
  journal={The Journal of Finance},
  volume={47},
  number={2},
  pages={427--465},
  year={1992},
  publisher={Wiley Online Library}
}

@article{carhart1997,
  title={On persistence in mutual fund performance},
  author={Carhart, Mark M},
  journal={The Journal of Finance},
  volume={52},
  number={1},
  pages={57--82},
  year={1997},
  publisher={Wiley Online Library}
}

@incollection{varian1989,
  title={Differences of opinion in financial markets},
  author={Varian, Hal R},
  booktitle={Financial Risk: Theory, Evidence and implications},
  pages={3--37},
  year={1989},
  publisher={Springer}
}

@article{milgrom_stokey1982,
  title={Information, trade and common knowledge},
  author={Milgrom, Paul and Stokey, Nancy},
  journal={Journal of Economic theory},
  volume={26},
  number={1},
  pages={17--27},
  year={1982},
  publisher={Elsevier}
}

@incollection{akerlof1978,
  title={The market for “lemons”: Quality uncertainty and the market mechanism},
  author={Akerlof, George A},
  booktitle={Uncertainty in Economics},
  pages={235--251},
  year={1978},
  publisher={Elsevier}
}

@article{diamond_verrecchia1981,
  title={Information aggregation in a noisy rational expectations Economy},
  author={Diamond, Douglas W and Verrecchia, Robert E},
  journal={Journal of Financial Economics},
  volume={9},
  number={3},
  pages={221--235},
  year={1981},
  publisher={Elsevier}
}

@article{kyle1985,
  title={Continuous auctions and insider trading},
  author={Kyle, Albert S},
  journal={Econometrica: Journal of the Econometric Society},
  pages={1315--1335},
  year={1985},
  publisher={JSTOR}
}

@article{kruger_ssrn2020,
  title={Disagreement and liquidity},
  author={Kruger, Samuel},
  journal={Available at SSRN 3189188},
  year={2020}
}

@article{banerjee_kremer2010,
  title={Disagreement and learning: Dynamic patterns of trade},
  author={Banerjee, Snehal and Kremer, Ilan},
  journal={The Journal of Finance},
  volume={65},
  number={4},
  pages={1269--1302},
  year={2010},
  publisher={Wiley Online Library}
}

@article{banerjee2011,
  title={Learning from prices and the dispersion in beliefs},
  author={Banerjee, Snehal},
  journal={The Review of Financial Studies},
  volume={24},
  number={9},
  pages={3025--3068},
  year={2011},
  publisher={Oxford University Press}
}

@article{fischer_ssrn2020,
  title={Disagreement About Fundamentals: Measurement and Consequences},
  author={Fischer, Paul E and Kim, Chongho and Zhou, Frank},
  journal={Available at SSRN 3515685},
  year={2020}
}

@article{beyer2011,
  title={The effect of trading volume on analysts’ forecast bias},
  author={Beyer, Anne and Guttman, Ilan},
  journal={The Accounting Review},
  volume={86},
  number={2},
  pages={451--481},
  year={2011}
}

@article{atiase1994,
  title={Trading volume reactions to annual Accounting earnings announcements: The incremental role of predisclosure information asymmetry},
  author={Atiase, Rowland K and Bamber, Linda Smith},
  journal={Journal of Accounting and Economics},
  volume={17},
  number={3},
  pages={309--329},
  year={1994},
  publisher={Elsevier}
}

@article{harvey_etal2016,
  title={... and the cross-section of expected returns},
  author={Harvey, Campbell R and Liu, Yan and Zhu, Heqing},
  journal={The Review of Financial Studies},
  volume={29},
  number={1},
  pages={5--68},
  year={2016},
  publisher={Oxford University Press}
}

@incollection{lo_wang2010,
  title={Stock market trading volume},
  author={Lo, Andrew W and Wang, Jiang},
  booktitle={Handbook of Financial Econometrics: Applications},
  pages={241--342},
  year={2010},
  publisher={Elsevier}
}

@article{ajinkya_jain1989,
  title={The behavior of daily stock market trading volume},
  author={Ajinkya, Bipin B and Jain, Prem C},
  journal={Journal of Accounting and Economics},
  volume={11},
  number={4},
  pages={331--359},
  year={1989},
  publisher={Elsevier}
}

@article{ajinkya_etal_1991,
  title={Volume of trading and the dispersion in financial analysts' earnings forecasts},
  author={Ajinkya, Bipin B and Atiase, Rowland K and Gift, Michael J},
  journal={The Accounting Review},
  pages={389--401},
  year={1991},
  publisher={JSTOR}
}

@article{chordia_etal2006,
  title={The cross-section of expected trading activity},
  author={Chordia, Tarun and Huh, Sahn-Wook and Subrahmanyam, Avanidhar},
  journal={The Review of Financial Studies},
  volume={20},
  number={3},
  pages={709--740},
  year={2006},
  publisher={Oxford University Press}
}

@article{jacobs_hillert2015,
  title={Alphabetic bias, investor recognition, and trading behavior},
  author={Jacobs, Heiko and Hillert, Alexander},
  journal={Review of Finance},
  volume={20},
  number={2},
  pages={693--723},
  year={2015},
  publisher={Oxford University Press}
}

@article{kandel_pearson1995,
  title={Differential interpretation of public signals and trade in speculative markets},
  author={Kandel, Eugene and Pearson, Neil D},
  journal={Journal of Political Economy},
  volume={103},
  number={4},
  pages={831--872},
  year={1995},
  publisher={The University of Chicago Press}
}

@article{harris_raviv1993,
  title={Differences of opinion make a horse race},
  author={Harris, Milton and Raviv, Artur},
  journal={The Review of Financial Studies},
  volume={6},
  number={3},
  pages={473--506},
  year={1993},
  publisher={Oxford University Press}
}

@article{karpoff1986,
  title={A theory of trading volume},
  author={Karpoff, Jonathan M},
  journal={The Journal of Finance},
  volume={41},
  number={5},
  pages={1069--1087},
  year={1986},
  publisher={Wiley Online Library}
}

@article{beaver1968,
  title={The information content of annual earnings announcements},
  author={Beaver, William H},
  journal={Journal of Accounting Research},
  pages={67--92},
  year={1968},
  publisher={JSTOR}
}

@article{bamber_etal2010,
  title={Trading volume around earnings announcements and other financial reports: Theory, research design, empirical evidence, and directions for future research},
  author={Bamber, Linda Smith and Barron, Orie E and Stevens, Douglas E},
  journal={Research Design, Empirical Evidence, and Directions for Future Research (February 27, 2010)},
  year={2010}
}

@article{bamber_etal1997,
  title={Trading volume and different aspects of disagreement coincident with earnings announcements},
  author={Bamber, Linda Smith and Barron, Orie E and Stober, Thomas L},
  journal={The Accounting Review},
  pages={575--597},
  year={1997},
  publisher={JSTOR}
}

@article{carlin_etal2014,
  title={Disagreement and asset prices},
  author={Carlin, Bruce I and Longstaff, Francis A and Matoba, Kyle},
  journal={Journal of Financial Economics},
  volume={114},
  number={2},
  pages={226--238},
  year={2014},
  publisher={Elsevier}
}

@article{hong_stein2007,
  title={Disagreement and the stock market},
  author={Hong, Harrison and Stein, Jeremy C},
  journal={Journal of Economic Perspectives},
  volume={21},
  number={2},
  pages={109--128},
  year={2007}
}

@article{grt1992,
  title={Stock prices and volume},
  author={Gallant, A Ronald and Rossi, Peter E and Tauchen, George},
  journal={The Review of Financial Studies},
  volume={5},
  number={2},
  pages={199--242},
  year={1992},
  publisher={Oxford University Press}
}

@article{roberts2018,
  title={The history of the cross-section of stock returns},
  author={Linnainmaa, Juhani T and Roberts, Michael R},
  journal={The Review of Financial Studies},
  volume={31},
  number={7},
  pages={2606--2649},
  year={2018},
  publisher={Oxford University Press}
}

@article{mclean_pontiff2016,
  title={Does academic research destroy stock return predictability?},
  author={McLean, R David and Pontiff, Jeffrey},
  journal={The Journal of Finance},
  volume={71},
  number={1},
  pages={5--32},
  year={2016},
  publisher={Wiley Online Library}
}

@article{lo_mackinlay1990,
  title={Data-snooping biases in tests of financial asset pricing models},
  author={Lo, Andrew W and MacKinlay, A Craig},
  journal={The Review of Financial Studies},
  volume={3},
  number={3},
  pages={431--467},
  year={1990},
  publisher={Oxford University Press}
}

@article{fama_french_industry,
  title={Industry costs of equity},
  author={Fama, Eugene F and French, Kenneth R},
  journal={Journal of Financial Economics},
  volume={43},
  number={2},
  pages={153--193},
  year={1997},
  publisher={Elsevier}
}

@article{petersen2009,
  title={Estimating standard errors in finance panel data sets: Comparing approaches},
  author={Petersen, Mitchell A},
  journal={The Review of Financial Studies},
  volume={22},
  number={1},
  pages={435--480},
  year={2009},
  publisher={Oxford University Press}
}

@article{novymarx2013,
  title={The other side of value: The gross profitability premium},
  author={Novy-Marx, Robert},
  journal={Journal of Financial Economics},
  volume={108},
  number={1},
  pages={1--28},
  year={2013},
  publisher={Elsevier}
}

@article{fama_french2015,
  title={A five-factor asset pricing model},
  author={Fama, Eugene F and French, Kenneth R},
  journal={Journal of Financial Economics},
  volume={116},
  number={1},
  pages={1--22},
  year={2015},
  publisher={Elsevier}
}

@article{haugen1996,
  title={Commonality in the determinants of expected stock returns},
  author={Haugen, Robert A and Baker, Nardin L},
  journal={Journal of Financial Economics},
  volume={41},
  number={3},
  pages={401--439},
  year={1996},
  publisher={Elsevier}
}

@article{soliman2008,
  title={The use of DuPont analysis by market participants},
  author={Soliman, Mark T},
  journal={The Accounting Review},
  volume={83},
  number={3},
  pages={823--853},
  year={2008}
}

@article{sloan1996,
  title={Do stock prices fully reflect information in accruals and cash flows about future earnings?},
  author={Sloan, Richard G},
  journal={The Accounting Review},
  pages={289--315},
  year={1996},
  publisher={JSTOR}
}

@article{hirshleifer_etal2004,
  title={Do investors overvalue firms with bloated balance sheets?},
  author={Hirshleifer, David and Hou, Kewei and Teoh, Siew Hong and Zhang, Yinglei},
  journal={Journal of Accounting and Economics},
  volume={38},
  pages={297--331},
  year={2004},
  publisher={Elsevier}
}

@article{lakonishok_etal1994,
  title={Contrarian investment, extrapolation, and risk},
  author={Lakonishok, Josef and Shleifer, Andrei and Vishny, Robert W},
  journal={The Journal of Finance},
  volume={49},
  number={5},
  pages={1541--1578},
  year={1994},
  publisher={Wiley Online Library}
}

@article{basu1977,
  title={Investment performance of common stocks in relation to their price-earnings ratios: A test of the efficient market hypothesis},
  author={Basu, Sanjoy},
  journal={The Journal of Finance},
  volume={32},
  number={3},
  pages={663--682},
  year={1977},
  publisher={Wiley Online Library}
}

@article{li_readability_2008,
  title={Annual report readability, current earnings, and earnings persistence},
  author={Li, Feng},
  journal={Journal of Accounting and economics},
  volume={45},
  number={2-3},
  pages={221--247},
  year={2008},
  publisher={Elsevier}
}

@article{lm_2011_readability,
  title={When is a liability not a liability? Textual analysis, dictionaries, and 10-Ks},
  author={Loughran, Tim and McDonald, Bill},
  journal={The Journal of finance},
  volume={66},
  number={1},
  pages={35--65},
  year={2011},
  publisher={Wiley Online Library}
}

@article{lawrence_2013_readability,
  title={Individual investors and financial disclosure},
  author={Lawrence, Alastair},
  journal={Journal of Accounting and Economics},
  volume={56},
  number={1},
  pages={130--147},
  year={2013},
  publisher={Elsevier}
}

@article{loughran_wellman2011,
  title={New evidence on the relation between the enterprise multiple and average stock returns},
  author={Loughran, Tim and Wellman, Jay W},
  journal={Journal of Financial and Quantitative Analysis},
  volume={46},
  number={6},
  pages={1629--1650},
  year={2011},
  publisher={Cambridge University Press}
}

@article{barbee_etal1996,
  title={Do sales--price and debt--equity explain stock returns better than book--market and firm size?},
  author={Barbee Jr, William C and Mukherji, Sandip and Raines, Gary A},
  journal={Financial Analysts Journal},
  volume={52},
  number={2},
  pages={56--60},
  year={1996},
  publisher={Taylor \& Francis}
}

@article{jegadeesh_titman1993,
  title={Returns to buying winners and selling losers: Implications for stock market efficiency},
  author={Jegadeesh, Narasimhan and Titman, Sheridan},
  journal={The Journal of Finance},
  volume={48},
  number={1},
  pages={65--91},
  year={1993},
  publisher={Wiley Online Library}
}

@article{novymarx2012,
  title={Is momentum really momentum?},
  author={Novy-Marx, Robert},
  journal={Journal of Financial Economics},
  volume={103},
  number={3},
  pages={429--453},
  year={2012},
  publisher={Elsevier}
}

@article{debondt_thaler1985,
  title={Does the stock market overreact?},
  author={De Bondt, Werner FM and Thaler, Richard},
  journal={The Journal of Finance},
  volume={40},
  number={3},
  pages={793--805},
  year={1985},
  publisher={Wiley Online Library}
}

@article{cooper_etal2008,
  title={Asset growth and the cross-section of stock returns},
  author={Cooper, Michael J and Gulen, Huseyin and Schill, Michael J},
  journal={The Journal of Finance},
  volume={63},
  number={4},
  pages={1609--1651},
  year={2008},
  publisher={Wiley Online Library}
}

@article{thomas_zhang2002,
  title={Inventory changes and future returns},
  author={Thomas, Jacob K and Zhang, Huai},
  journal={Review of Accounting Studies},
  volume={7},
  number={2-3},
  pages={163--187},
  year={2002},
  publisher={Springer}
}

@article{lockwood2010,
  title={Sustainable growth and stock returns},
  author={Lockwood, Larry and Prombutr, Wikrom},
  journal={Journal of Financial Research},
  volume={33},
  number={4},
  pages={519--538},
  year={2010},
  publisher={Wiley Online Library}
}

@article{abarbanell_bushee1998,
  title={Abnormal returns to a fundamental analysis strategy},
  author={Abarbanell, Jeffery S and Bushee, Brian J},
  journal={The Accounting Review},
  pages={19--45},
  year={1998},
  publisher={JSTOR}
}

@article{xing2007,
  title={Interpreting the value effect through the Q-theory: An empirical investigation},
  author={Xing, Yuhang},
  journal={The Review of Financial Studies},
  volume={21},
  number={4},
  pages={1767--1795},
  year={2007},
  publisher={Society for Financial Studies}
}

@article{titman_etal2004,
  title={Capital investments and stock returns},
  author={Titman, Sheridan and Wei, KC John and Xie, Feixue},
  journal={Journal of Financial and Quantitative Analysis},
  volume={39},
  number={4},
  pages={677--700},
  year={2004},
  publisher={Cambridge University Press}
}

@article{lyandres_etal2007,
  title={The new issues puzzle: Testing the investment-based explanation},
  author={Lyandres, Evgeny and Sun, Le and Zhang, Lu},
  journal={The Review of Financial Studies},
  volume={21},
  number={6},
  pages={2825--2855},
  year={2007},
  publisher={Society for Financial Studies}
}

@article{spiess1999,
  title={The long-run performance of stock returns following debt offerings},
  author={Spiess, D Katherine and Affleck-Graves, John},
  journal={Journal of Financial Economics},
  volume={54},
  number={1},
  pages={45--73},
  year={1999},
  publisher={Elsevier}
}

@article{bhandari1988,
  title={Debt/equity ratio and expected common stock returns: Empirical evidence},
  author={Bhandari, Laxmi Chand},
  journal={The Journal of Finance},
  volume={43},
  number={2},
  pages={507--528},
  year={1988},
  publisher={Wiley Online Library}
}

@article{pontiff_woodgate2008,
  title={Share issuance and cross-sectional returns},
  author={Pontiff, Jeffrey and Woodgate, Artemiza},
  journal={The Journal of Finance},
  volume={63},
  number={2},
  pages={921--945},
  year={2008},
  publisher={Wiley Online Library}
}

@article{daniel_titman2006,
  title={Market reactions to tangible and intangible information},
  author={Daniel, Kent and Titman, Sheridan},
  journal={The Journal of Finance},
  volume={61},
  number={4},
  pages={1605--1643},
  year={2006},
  publisher={Wiley Online Library}
}

@article{bradshaw_etal2006,
  title={The relation between corporate financing activities, analysts’ forecasts and stock returns},
  author={Bradshaw, Mark T and Richardson, Scott A and Sloan, Richard G},
  journal={Journal of Accounting and Economics},
  volume={42},
  number={1-2},
  pages={53--85},
  year={2006},
  publisher={Elsevier}
}

@article{dichev1998,
  title={Is the risk of bankruptcy a systematic risk?},
  author={Dichev, Ilia D},
  journal={The Journal of Finance},
  volume={53},
  number={3},
  pages={1131--1147},
  year={1998},
  publisher={Wiley Online Library}
}

@article{altman1968,
  title={Financial ratios, discriminant analysis and the prediction of corporate bankruptcy},
  author={Altman, Edward I},
  journal={The Journal of Finance},
  volume={23},
  number={4},
  pages={589--609},
  year={1968},
  publisher={Wiley Online Library}
}

@article{ohlson1980,
  title={Financial ratios and the probabilistic prediction of bankruptcy},
  author={Ohlson, James A},
  journal={Journal of Accounting Research},
  pages={109--131},
  year={1980},
  publisher={JSTOR}
}

@book{engle_book2016,
  title={Empirical asset pricing: The cross-section of stock returns},
  author={Bali, Turan G and Engle, Robert F and Murray, Scott},
  year={2016},
  publisher={John Wiley \& Sons}
}

@article{amihud2002,
  title={Illiquidity and stock returns: cross-section and time-series effects},
  author={Amihud, Yakov},
  journal={Journal of Financial Markets},
  volume={5},
  number={1},
  pages={31--56},
  year={2002},
  publisher={Elsevier}
}

@article{amihud_mendelson1986,
  title={Asset pricing and the bid-ask spread},
  author={Amihud, Yakov and Mendelson, Haim},
  journal={Journal of Financial Economics},
  volume={17},
  number={2},
  pages={223--249},
  year={1986},
  publisher={Elsevier}
}

@article{brennan_etal1998,
  title={Alternative factor specifications, security characteristics, and the cross-section of expected stock returns},
  author={Brennan, Michael J and Chordia, Tarun and Subrahmanyam, Avanidhar},
  journal={Journal of Financial Economics},
  volume={49},
  number={3},
  pages={345--373},
  year={1998},
  publisher={Elsevier}
}

@article{chordia_etal2001,
  title={Trading activity and expected stock returns},
  author={Chordia, Tarun and Subrahmanyam, Avanidhar and Anshuman, V Ravi},
  journal={Journal of Financial Economics},
  volume={59},
  number={1},
  pages={3--32},
  year={2001},
  publisher={Elsevier}
}

@article{jfqa_liquidity2015,
  title={The diminishing liquidity premium},
  author={Ben-Rephael, Azi and Kadan, Ohad and Wohl, Avi},
  journal={Journal of Financial and Quantitative Analysis},
  volume={50},
  number={1-2},
  pages={197--229},
  year={2015},
  publisher={Cambridge University Press}
}

@article{pastor_and_stambaugh2003,
  title={Liquidity risk and expected stock returns},
  author={P{\'a}stor, L'ubo{\v{s}} and Stambaugh, Robert F},
  journal={Journal of Political Economy},
  volume={111},
  number={3},
  pages={642--685},
  year={2003},
  publisher={The University of Chicago Press}
}

@article{miller1977,
  title={Risk, uncertainty, and divergence of opinion},
  author={Miller, Edward M},
  journal={The Journal of Finance},
  volume={32},
  number={4},
  pages={1151--1168},
  year={1977},
  publisher={Wiley Online Library}
}

@article{williams1977,
  title={Capital asset prices with heterogeneous beliefs},
  author={Williams, Joseph T},
  journal={Journal of Financial Economics},
  volume={5},
  number={2},
  pages={219--239},
  year={1977},
  publisher={Elsevier}
}

@article{diether_etal2002,
  title={Differences of opinion and the cross section of stock returns},
  author={Diether, Karl B and Malloy, Christopher J and Scherbina, Anna},
  journal={The Journal of Finance},
  volume={57},
  number={5},
  pages={2113--2141},
  year={2002},
  publisher={Wiley Online Library}
}

@article{johnson2004,
  title={Forecast dispersion and the cross section of expected returns},
  author={Johnson, Timothy C},
  journal={The Journal of Finance},
  volume={59},
  number={5},
  pages={1957--1978},
  year={2004},
  publisher={Wiley Online Library}
}

@book{graham1965,
  title={The Intelligent Investor},
  author={Graham, Benjamin},
  year={2006},
  publisher={Harper Business}
}

@book{tsay2010,
  title={Analysis of financial time series},
  author={Tsay, Ruey S},
  year={2010},
  publisher={John wiley \& sons}
}

@article{barron_1995,
  title={Trading volume and belief revisions that differ among individual analysts},
  author={Barron, Orie E},
  journal={The Accounting Review},
  pages={581--597},
  year={1995},
  publisher={JSTOR}
}

@article{barron_etal1998,
  title={Using analysts' forecasts to measure properties of analysts' information environment},
  author={Barron, Orie E and Kim, Oliver and Lim, Steve C and Stevens, Douglas E},
  journal={The Accounting Review},
  pages={421--433},
  year={1998},
  publisher={JSTOR}
}

@article{liu_etal2012,
  title={The effect of financial analysts' strategic behavior on analysts' forecast dispersion},
  author={Liu, Xiaohui Gloria and Natarajan, Ramachandran},
  journal={The Accounting Review},
  volume={87},
  number={6},
  pages={2123--2149},
  year={2012},
  publisher={American Accounting Association}
}

@article{kim_and_v_1991,
  title={Trading volume and price reactions to public announcements},
  author={Kim, Oliver and Verrecchia, Robert E},
  journal={Journal of Accounting Research},
  volume={29},
  number={2},
  pages={302--321},
  year={1991},
  publisher={JSTOR}
}

@article{kim_and_v_1997,
  title={Pre-announcement and event-period private information},
  author={Kim, Oliver and Verrecchia, Robert E},
  journal={Journal of Accounting and Economics},
  volume={24},
  number={3},
  pages={395--419},
  year={1997},
  publisher={Elsevier}
}

@article{cohen_etal_1979,
  title={Market makers and the market spread: A review of recent literature},
  author={Cohen, Kalman J and Maier, Steven F and Schwartz, Robert A and Whitcomb, David K},
  journal={Journal of Financial and Quantitative Analysis},
  volume={14},
  number={4},
  pages={813--835},
  year={1979},
  publisher={Cambridge University Press}
}

@article{epps_1975,
  title={Security price changes and transaction volumes: Theory and evidence},
  author={Epps, Thomas W},
  journal={The American Economic Review},
  volume={65},
  number={4},
  pages={586--597},
  year={1975},
  publisher={JSTOR}
}

@article{epps_1976,
  title={The demand for brokers' services: The relation between security trading volume and transaction cost},
  author={Epps, Thomas W},
  journal={The Bell Journal of Economics},
  pages={163--194},
  year={1976},
  publisher={JSTOR}
}

@article{copeland_1976,
  title={A model of asset trading under the assumption of sequential information arrival},
  author={Copeland, Thomas E},
  journal={The Journal of Finance},
  volume={31},
  number={4},
  pages={1149--1168},
  year={1976},
  publisher={JSTOR}
}

@book{pfleiderer_wp_1984,
  title={The volume of trade and the variability of prices: A framework for analysis in noisy rational expectations equilibria},
  author={Pfleiderer, Paul},
  year={1984},
  publisher={Graduate School of Business, Stanford Univ.}
}

@article{kz_1997,
  title={Do investment-cash flow sensitivities provide useful measures of financing constraints?},
  author={Kaplan, Steven N and Zingales, Luigi},
  journal={The quarterly journal of economics},
  volume={112},
  number={1},
  pages={169--215},
  year={1997},
  publisher={MIT Press}
}

@article{ziebart_1990,
  title={The association between consensus of beliefs and trading activity surrounding earnings announcements},
  author={Ziebart, David A},
  journal={The Accounting Review},
  pages={477--488},
  year={1990},
  publisher={JSTOR}
}

@article{lamont_etal_2001,
  title={Financial constraints and stock returns},
  author={Lamont, Owen and Polk, Christopher and Saa{\'a}-Requejo, Jes{\'u}s},
  journal={The review of financial studies},
  volume={14},
  number={2},
  pages={529--554},
  year={2001},
  publisher={Oxford University Press}
}

@article{ball_shiva_2008,
  title={How much new information is there in earnings?},
  author={Ball, Ray and Shivakumar, Lakshmanan},
  journal={Journal of Accounting Research},
  volume={46},
  number={5},
  pages={975--1016},
  year={2008},
  publisher={Wiley Online Library}
}

@article{lm_2014_readability,
  title={Measuring readability in financial disclosures},
  author={Loughran, Tim and McDonald, Bill},
  journal={The Journal of Finance},
  volume={69},
  number={4},
  pages={1643--1671},
  year={2014},
  publisher={Wiley Online Library}
}

@article{lm_2020_firm_complexity,
  title={Measuring Firm Complexity},
  author={Loughran, Tim and McDonald, Bill},
  journal={Available at SSRN 3645372},
  year={2020}
}

@article{shleifer_vishny_1986,
  title={Large shareholders and corporate control},
  author={Shleifer, Andrei and Vishny, Robert W},
  journal={Journal of political economy},
  volume={94},
  number={3, Part 1},
  pages={461--488},
  year={1986},
  publisher={The University of Chicago Press}
}

@article{khan_and_watts_2009,
  title={Estimation and empirical properties of a firm-year measure of accounting conservatism},
  author={Khan, Mozaffar and Watts, Ross L},
  journal={Journal of Accounting and Economics},
  volume={48},
  number={2-3},
  pages={132--150},
  year={2009},
  publisher={Elsevier}
}

@article{nasdaq_double_counting,
  title={Market structure and reported trading volume: NASDAQ versus the NYSE},
  author={Atkins, Allen B and Dyl, Edward A},
  journal={Journal of Financial Research},
  volume={20},
  number={3},
  pages={291--304},
  year={1997},
  publisher={Wiley Online Library}
}

@article{campbell_etal_distress,
  title={In search of distress risk},
  author={Campbell, John Y and Hilscher, Jens and Szilagyi, Jan},
  journal={The Journal of Finance},
  volume={63},
  number={6},
  pages={2899--2939},
  year={2008},
  publisher={Wiley Online Library}
}

@article{industry_conc,
  title={Industry concentration and average stock returns},
  author={Hou, Kewei and Robinson, David T},
  journal={The Journal of Finance},
  volume={61},
  number={4},
  pages={1927--1956},
  year={2006},
  publisher={Wiley Online Library}
}

@article{belief_and_2016_us_elections,
  title={Belief disagreement and portfolio choice},
  author={Meeuwis, Maarten and Parker, Jonathan A and Schoar, Antoinette and Simester, Duncan I},
  year={2018},
  institution={National Bureau of Economic Research}
}

@book{kahneman_book_1973,
  title={Attention and effort},
  author={Kahneman, Daniel},
  year={1973},
  publisher={Englewood Cliffs, N.J. Prentice-Hall}
}

@article{odean_1999,
  title={Do investors trade too much?},
  author={Odean, Terrance},
  journal={American economic review},
  volume={89},
  number={5},
  pages={1279--1298},
  year={1999}
}

@article{barber_and_odean_2008,
  title={All that glitters: The effect of attention and news on the buying behavior of individual and institutional investors},
  author={Barber, Brad M and Odean, Terrance},
  journal={The review of financial studies},
  volume={21},
  number={2},
  pages={785--818},
  year={2008},
  publisher={Oxford University Press}
}

@article{stambaugh_etal_2012,
  title={The short of it: Investor sentiment and anomalies},
  author={Stambaugh, Robert F and Yu, Jianfeng and Yuan, Yu},
  journal={Journal of Financial Economics},
  volume={104},
  number={2},
  pages={288--302},
  year={2012},
  publisher={Elsevier}
}

@article{replicating_anomalies_2020,
  title={Replicating anomalies},
  author={Hou, Kewei and Xue, Chen and Zhang, Lu},
  journal={The Review of Financial Studies},
  volume={33},
  number={5},
  pages={2019--2133},
  year={2020},
  publisher={Oxford University Press}
}

@article{green_etal_2017,
  title={The characteristics that provide independent information about average US monthly stock returns},
  author={Green, Jeremiah and Hand, John RM and Zhang, X Frank},
  journal={The Review of Financial Studies},
  volume={30},
  number={12},
  pages={4389--4436},
  year={2017},
  publisher={Oxford University Press}
}

@article{feng_etal_2020,
  title={Taming the factor zoo: A test of new factors},
  author={Feng, Guanhao and Giglio, Stefano and Xiu, Dacheng},
  journal={The Journal of Finance},
  volume={75},
  number={3},
  pages={1327--1370},
  year={2020},
  publisher={Wiley Online Library}
}

@article{chordia_etal_2020,
  title={Anomalies and false rejections},
  author={Chordia, Tarun and Goyal, Amit and Saretto, Alessio},
  journal={The Review of Financial Studies},
  volume={33},
  number={5},
  pages={2134--2179},
  year={2020},
  publisher={Oxford University Press}
}

@article{vine_corr_mx_2009,
  title={Generating random correlation matrices based on vines and extended onion method},
  author={Lewandowski, Daniel and Kurowicka, Dorota and Joe, Harry},
  journal={Journal of multivariate analysis},
  volume={100},
  number={9},
  pages={1989--2001},
  year={2009},
  publisher={Elsevier}
}

@article{sinh_arcsinh,
  title={Sinh-arcsinh distributions},
  author={Jones, M Chris and Pewsey, Arthur},
  journal={Biometrika},
  volume={96},
  number={4},
  pages={761--780},
  year={2009},
  publisher={Oxford University Press}
}

@article{household_disagreement_2021,
  title={Whose Disagreement Matters? Household Belief Dispersion and Stock Trading Volume},
  author={Li, Dan and Li, Geng},
  journal={Review of Finance},
  year={2021}
}

@article{frankel_1995_discretionary,
  title={Discretionary disclosure and external financing},
  author={Frankel, Richard and McNichols, Maureen and Wilson, G Peter},
  journal={Accounting Review},
  pages={135--150},
  year={1995},
  publisher={JSTOR}
}

@article{odean1998_disposition,
  title={Are investors reluctant to realize their losses?},
  author={Odean, Terrance},
  journal={The Journal of finance},
  volume={53},
  number={5},
  pages={1775--1798},
  year={1998},
  publisher={Wiley Online Library}
}

@article{bird_2021_publicizing,
  title={More is less: Publicizing information and market feedback},
  author={Bird, Andrew and Karolyi, Stephen A and Ruchti, Thomas G and Truong, Phong},
  journal={Review of Finance},
  volume={25},
  number={3},
  pages={745--775},
  year={2021},
  publisher={Oxford University Press}
}

@techreport{xiong_disagreement,
  title={Bubbles, crises, and heterogeneous beliefs},
  author={Xiong, Wei},
  year={2013},
  institution={National Bureau of Economic Research}
}

@article{scheinkman_xiong_overconfidence,
  title={Overconfidence and speculative bubbles},
  author={Scheinkman, Jose A and Xiong, Wei},
  journal={Journal of political Economy},
  volume={111},
  number={6},
  pages={1183--1220},
  year={2003},
  publisher={The University of Chicago Press}
}

@article{gao_huang_2020,
  title={Informing the market: The effect of modern information technologies on information production},
  author={Gao, Meng and Huang, Jiekun},
  journal={The Review of Financial Studies},
  volume={33},
  number={4},
  pages={1367--1411},
  year={2020},
  publisher={Oxford University Press}
}

@article{edgar_2019,
  title={Informing the market: The effect of modern information technologies on information production},
  author={Gao, Meng and Huang, Jiekun},
  journal={The Review of Financial Studies},
  volume={33},
  number={4},
  pages={1367--1411},
  year={2020},
  publisher={Oxford University Press}
}

@article{chang_2020,
  title={Testing disagreement models},
  author={Chang, Yen-Cheng and Hsiao, Pei-Jie and Ljungqvist, Alexander and Tseng, Kevin},
  journal={Swedish House of Finance Research Paper},
  number={20-5},
  year={2020}
}

@article{chang_2020_rfs,
  title={Do corporate disclosures constrain strategic analyst behavior?},
  author={Chang, Yen-Cheng and Ljungqvist, Alexander and Tseng, Kevin},
  journal={Swedish House of Finance Research Paper},
  number={20-12},
  year={2020}
}

@article{french_2008_turnover,
  title={Presidential address: The cost of active investing},
  author={French, Kenneth R},
  journal={The Journal of Finance},
  volume={63},
  number={4},
  pages={1537--1573},
  year={2008},
  publisher={Wiley Online Library}
}

@article{griffin_2003,
  title={Got information? Investor response to Form 10-K and Form 10-Q EDGAR filings},
  author={Griffin, Paul A},
  journal={Review of Accounting Studies},
  volume={8},
  number={4},
  pages={433--460},
  year={2003},
  publisher={Springer}
}